<record><leader>00000cas a22000007a 4500</leader><controlfield tag="001">20398196</controlfield><controlfield tag="008">890926d190419uunduwr ne      0    0eng d</controlfield><datafield ind1=" " ind2=" " tag="010"><subfield code="a">sn 89074285 </subfield></datafield><datafield ind1=" " ind2=" " tag="040"><subfield code="a">NOP</subfield><subfield code="b">eng</subfield><subfield code="c">NOP</subfield><subfield code="d">OCLCQ</subfield></datafield><datafield ind1=" " ind2=" " tag="042"><subfield code="a">msc</subfield></datafield><datafield ind1="0" ind2="0" tag="245"><subfield code="a">Stutsman County leader und lokal anzeiger.</subfield></datafield><datafield ind1="1" ind2="3" tag="246"><subfield code="a">Stutsman County leader</subfield></datafield><datafield ind1=" " ind2=" " tag="260"><subfield code="a">Medina, N.D. :</subfield><subfield code="b">Leader Print. Co.</subfield></datafield><datafield ind1=" " ind2=" " tag="300"><subfield code="a">v. :</subfield><subfield code="b">ill. ;</subfield><subfield code="c">54 cm.</subfield></datafield><datafield ind1=" " ind2=" " tag="310"><subfield code="a">Weekly</subfield></datafield><datafield ind1="1" ind2=" " tag="362"><subfield code="a">Began Jan. 1904.</subfield></datafield><datafield ind1=" " ind2=" " tag="500"><subfield code="a">Publisher's block sometimes reads: Stutsman County leader.</subfield></datafield><datafield ind1=" " ind2=" " tag="500"><subfield code="a">Publication moved to Cleveland, N.D., 190u.</subfield></datafield><datafield ind1=" " ind2=" " tag="530"><subfield code="a">Available on microfilm from the State Historical Society of North Dakota.</subfield></datafield><datafield ind1=" " ind2=" " tag="588"><subfield code="a">Description based on: Vol. 1, no. 35 (Sept. 22, 1904).</subfield></datafield><datafield ind1=" " ind2=" " tag="752"><subfield code="a">United States</subfield><subfield code="b">North Dakota</subfield><subfield code="c">Stutsman</subfield><subfield code="d">Cleveland.</subfield></datafield><datafield ind1=" " ind2=" " tag="752"><subfield code="a">United States</subfield><subfield code="b">North Dakota</subfield><subfield code="c">Stutsman</subfield><subfield code="d">Medina.</subfield></datafield><datafield ind1="0" ind2="0" tag="785"><subfield code="t">Stutsman County leader</subfield><subfield code="w">(DLC)sn 89074286</subfield></datafield></record>